<?xml version="1.0" encoding="UTF-8"?><collection xmlns="http://www.loc.gov/MARC21/slim"><record><leader>00510nam--2200181-i-4500</leader><controlfield tag="001">000040866</controlfield><controlfield tag="002">20161230</controlfield><controlfield tag="005">20170119110936</controlfield><controlfield tag="008">060222s1000------------r-----000-0-eng-d</controlfield><datafield ind1=" " ind2=" " tag="040"><subfield code="a">IFIN-HH</subfield></datafield><datafield ind1=" " ind2=" " tag="080"><subfield code="a">530.145</subfield></datafield><datafield ind1="1" ind2=" " tag="100"><subfield code="a">Schwinger,Julian</subfield></datafield><datafield ind1="1" ind2="0" tag="245"><subfield code="a">Quantum Kinematics and Dynamics</subfield><subfield code="c">Julian Schwinger</subfield></datafield><datafield ind1=" " ind2=" " tag="260"><subfield code="a">New York</subfield><subfield code="b">W.A.Benjamin Inc</subfield><subfield code="c">1970</subfield></datafield><datafield ind1=" " ind2=" " tag="300"><subfield code="a">x +374p</subfield></datafield><datafield ind1=" " ind2=" " tag="490"><subfield code="a">Frontiers in Physics. A Lecture Note and Reprint Series</subfield></datafield><datafield ind1=" " ind2=" " tag="852"><subfield code="a">75389</subfield><subfield code="c">530.145</subfield></datafield><datafield ind1=" " ind2=" " tag="CAT"><subfield code="a">SYS</subfield><subfield code="c">20170119</subfield><subfield code="h">110936</subfield></datafield></record></collection>